@INPROCEEDINGS{log03,
  AUTHOR = {Lawrence O’Gorman},
  TITLE = {{Comparing Passwords, Tokens, and Biometrics for User Authentication}},
  BOOKTITLE = {Proceedings of the IEEE, Vol. 91, No. 12},
  YEAR = 2003,
}

@INPROCEEDINGS{nkjd13,
  AUTHOR = {Neslihan Kose and Jean-Luc Dugelay},
  TITLE = {{On the vulnerability of face recognition systems to spoofing mask attacks}},
  BOOKTITLE = { IEEE International Conference on Acoustics, Speech and Signal Processing (ICASSP)},
  YEAR = 2013,
}

@INPROCEEDINGS{amr05,
  AUTHOR = {Alexander M. Bronstein and Michael M. Bronstein and Ron Kimmel},
  TITLE = {{Three-Dimensional Face Recognition}},
  BOOKTITLE = { International Journal of Computer Vision},
  YEAR = 2005,
}

@INPROCEEDINGS{dv03,
  AUTHOR = {Danna Voth},
  TITLE = {{Face Recognition Technology}},
  BOOKTITLE = { IEEE Intelligent Systems},
  YEAR = 2003,
}

@INPROCEEDINGS{endo1992,
  AUTHOR = {Mitsuo Endo and Naoko Endo and Kirita Takahiro and Maruyama Kinya},
  TITLE = {{The Effects of Expression on Face Recognition}},
  BOOKTITLE = { Tohoku Psychologica Folia},
  YEAR = 1992,
}

@INPROCEEDINGS{bryo86,
  AUTHOR = {Vicki Bruce and Andy Young},
  TITLE = {{Understanding Face Recognition}},
  BOOKTITLE = { British Journal of Psychology},
  YEAR = 1986,
}

@INPROCEEDINGS{hsd07,
  AUTHOR = {Haibin Ling and Stefano Soatto and Narayanan Ramanathan and David W. Jacobs},
  TITLE = {{A Study of Face Recognition as People Age}},
  BOOKTITLE = { IEEE International Conference on Computer Vision (ICCV)},
  YEAR = 2007,
}

@INPROCEEDINGS{frvt14,
  AUTHOR = {M. Ngan and P. Grother},
  TITLE = {{Face Recognition Vendor Test (FRVT): Performance of Automated Age Estimation Algorithms}},
  BOOKTITLE = { NIST Interagency Report 7995},
  YEAR = 2014,
}

@INPROCEEDINGS{jhdk05,
  AUTHOR = {Jeffrey Ho and David Kriegman},
  TITLE = {{On the Effect of Illumination and Face Recognition}},
  BOOKTITLE = { Face Processing: Advanced Modeling and Methods, 1st Edition},
  YEAR = 2005,
}

@INPROCEEDINGS{jrb10,
  AUTHOR = {J. Ross Beveridge and D. S. Bolme  and B. A. Draper et al},
  TITLE = {{Quantifying How Lighting and Focus Affect Face Recognition Performance}},
  BOOKTITLE = { IEEE Computer Society Conference on Computer Vision and Pattern Recognition Workshops (CVPRW)},
  YEAR = 2010,
}

@INPROCEEDINGS{frvt02,
  AUTHOR = {P. Jonathon Phillips and Patrick Grother and Ross J. Micheals et al},
  TITLE = {{Face Recognition Vendor Test 2002: Evaluation Report}},
  BOOKTITLE = { NIST Interagency Report 6965},
  YEAR = 2003,
}

@INPROCEEDINGS{vbtv99,
  AUTHOR = { Volker Blanz and Thomas Vetter},
  TITLE = {{A morphable model for the synthesis of 3D faces}},
  BOOKTITLE = { SIGGRAPH '99, Proceedings of the 26th annual conference on Computer graphics and interactive techniques},
  YEAR = 1999,
}

@INPROCEEDINGS{pp09,
  AUTHOR = { Pascal Paysan and Reinhard Knothe and Brian Amberg et al},
  TITLE = {{A 3D Face Model for Pose and Illumination Invariant Face Recognition}},
  BOOKTITLE = { Sixth IEEE International Conference on Advanced Video and Signal Based Surveillance(AVSS)},
  YEAR = 2009,
}

@INPROCEEDINGS{rg11,
  AUTHOR = { Ralph Gross and Simon Baker and Iain Matthews et al},
  TITLE = {{Face Recognition Across Pose and Illumination}},
  BOOKTITLE = {Handbook of Face Recognition},
  YEAR = 2011,
}

@INPROCEEDINGS{ps13,
  AUTHOR = {P. Santemiz and L. J. Spreeuwers and R. N. J. Veldhuis},
  TITLE = {{Automatic landmark detection and face recognition for side-view face images}},
  BOOKTITLE = {International Conference of the Biometrics Special Interest Group (BIOSIG)},
  YEAR = 2013,
}

@INPROCEEDINGS{rs07,
  AUTHOR = { Richa Singh and Mayank Vatsa and  Afzel Noore et al},
  TITLE = {{Age Transformation for Improving Face Recognition Performance}},
  BOOKTITLE = {Pattern Recognition and Machine Intelligence},
  YEAR = 2007,
}

@INPROCEEDINGS{aspi92,
  AUTHOR = { Ashok Samal and Prasana A. Iyengar},
  TITLE = {{Automatic Recognition and Analysis of Human Faces and Facial Expressions : A Survey}},
  BOOKTITLE = {Pattern Recognition},
  YEAR = 1992,
}

@INPROCEEDINGS{wmbXX,
  AUTHOR = { Wlodzimierz M. Baranski and Andrzej Wytyczak-Partyka and Tomasz Walkowiak},
  TITLE = {{Computational complexity reduction in PCA-based face recognition}}
}

@INPROCEEDINGS{rnd14,
  AUTHOR = { Radhika R. Nayak and Dr. Sunil Surve and Prof. Sapna Prabhu et al},
  TITLE = {{Reduction in Computational Complexity-A Face Recognition Case Study}},
  BOOKTITLE = {International Journal of Advanced Research in Computer and Communication Engineering},
  YEAR = 2014,
}

@INPROCEEDINGS{ami13,
  AUTHOR = { Anhad Mohananey and Ishan Nigam and Sahil Goel et al},
  TITLE = {{A Scalable Real-Time Algorithm for Facial Recognition}},
  BOOKTITLE = {Seventh International Multiconference on Information Processing},
  YEAR = 2013,
}

@INPROCEEDINGS{uus04,
  AUTHOR = { U. Uludag and S. Pankanti and S. Prabhakar},
  TITLE = {{Biometric cryptosystems: issues and challenges}},
  BOOKTITLE = {Proceedings of the IEEE  (Volume:92 ,  Issue: 6 )},
  YEAR = 2004,
}

@INPROCEEDINGS{mmc11,
  AUTHOR = { M. M. Chakka and A. Anjos and S. Marcel et al},
  TITLE = {{Competition on counter measures to 2-D facial spoofing attacks}},
  BOOKTITLE = {2011 International Joint Conference on Biometrics(IJCB)},
  YEAR = 2011,
}

@INPROCEEDINGS{xjmn94,
  AUTHOR = { Xiaoguang Jia and Mark S. Nixon},
  TITLE = {{Analysing front view face profiles for face recognition via the Walsh transform}},
  BOOKTITLE = {Journal Pattern Recognition Letters archive Volume 15 Issue 6},
  YEAR = 1994,
}

@INPROCEEDINGS{jain04,
  AUTHOR = { A. K. Jain and A. Ross and S. Prabhakar},
  TITLE = {{An Introduction to Biometric Recognition}},
  BOOKTITLE = {IEEE Transactions on Circuits and Systems for Video Technology},
  YEAR = 2004,
}

@INPROCEEDINGS{delac04,
  AUTHOR = { K. Delac  and M. Grgic},
  TITLE = {{A survey of biometric recognition methods}},
  BOOKTITLE = {46th International Symposium, Electronics in Marine, 2004. Proceedings Elmar 2004.},
  YEAR = 2004,
}

@INPROCEEDINGS{birg11,
  AUTHOR = { J. Birgitta Martinkauppi and Abdenour Hadid and and Matti Pietikäinen},
  TITLE = {{Skin Color in Face Analysis}},
  BOOKTITLE = {Handbook of Face Recognition},
  YEAR = 2011,
}

@INPROCEEDINGS{guang94,
  AUTHOR = { Guangzheng Yang and Thomas S Huang},
  TITLE = {{Human face detection in a complex background}},
  BOOKTITLE = {Pattern Recognition, Volume 27, Issue 1},
  YEAR = 1994,
}

@INPROCEEDINGS{choong96,
  AUTHOR = { Choong Hwan LEE and Jun Sung Kim and Kyu Ho Park},
  TITLE = {{Automatic human face location in a complex background using motion and color information}},
  BOOKTITLE = {Pattern Recognition, Volume 29, Issue 11},
  YEAR = 1996,
}

@INPROCEEDINGS{vlad03,
  AUTHOR = { Vladimir Vezhnevets and Vasilij Sazonov and Alla Andreeva},
  TITLE = {{A Survey on Pixel-Based Skin Color Detection Techniques}},
  BOOKTITLE = {On-Line Compendium of Computer Vision},
  YEAR = 2003,
}

@INPROCEEDINGS{kovac03,
  AUTHOR = { J. Kovac and P. Peer and F. Solina},
  TITLE = {{Human skin color clustering for face detection}},
  BOOKTITLE = {The IEEE Region 8 EUROCON 2003. Computer as a Tool},
  YEAR = 2003,
}

@INPROCEEDINGS{xue05,
  AUTHOR = { Xue Dong Yang and Peter Kort and Richard Dosselmann},
  TITLE = {{Automatically Log Off Upon Disappearance of Facial Image}},
  BOOKTITLE = {Defense Research and Development Ottawa, Canada, Contract Report},
  YEAR = 2005,
}

@INPROCEEDINGS{qin05,
  AUTHOR = { Qinghan Xiao },
  TITLE = {{Security issues in biometric authentication}},
  BOOKTITLE = {Proceedings from the Sixth Annual IEEE SMC Information Assurance Workshop IAW},
  YEAR = 2005,
}

@INPROCEEDINGS{blanz05,
  AUTHOR = { V. Blanz and P. Grother and P. J. Phillips et al },
  TITLE = {{Face recognition based on frontal views generated from non-frontal images}},
  BOOKTITLE = {IEEE Computer Society Conference on Computer Vision and Pattern Recognition(CVPR)},
  YEAR = 2005,
}

@INPROCEEDINGS{givens03,
  AUTHOR = { G. Givens and J. R. Beveridge and B. A. Draper et al},
  TITLE = {{A Statistical Assessment of Subject Factors in the PCA Recognition of Human Faces}},
  BOOKTITLE = {Conference on Computer Vision and Pattern Recognition Workshop(CVPRW)},
  YEAR = 2003,
}

@INPROCEEDINGS{daug03,
  AUTHOR = { John Daugman },
  TITLE = {{Face and Gesture Recognition: Overview}},
  BOOKTITLE = {IEEE Transactions on Pattern Analysis and Machine Intelligence (PAMI)},
  YEAR = 1997,
}

@INPROCEEDINGS{nix08,
  AUTHOR = { K. Nixon and V. Aimale and R. Rowe },
  TITLE = {{Spoof Detection Schemes}},
  BOOKTITLE = {Handbook of Face Recognition},
  YEAR = 2008,
}

@INPROCEEDINGS{erdo13,
  AUTHOR = { N. Erdogmus and S. Marcel },
  TITLE = {{Spoofing in 2D face recognition with 3D masks and anti-spoofing with Kinect}},
  BOOKTITLE = {IEEE Sixth International Conference on Biometrics: Theory, Applications and Systems (BTAS)},
  YEAR = 2013,
}

@INPROCEEDINGS{garcia99,
  AUTHOR = { C. Garcia and G. Tziritas },
  TITLE = {{Face detection using quantized skin color regions merging and wavelet packet analysis}},
  BOOKTITLE = {IEEE Transactions on Multimedia  (Volume:1 ,  Issue: 3 )},
  YEAR = 1999,
}